<record><leader>00000cas a2200000 a 4500</leader><controlfield tag="001">12190661</controlfield><controlfield tag="008">850624d19751976ksuwr ne      0    0eng d</controlfield><datafield ind1=" " ind2=" " tag="010"><subfield code="a">sn 85030563 </subfield></datafield><datafield ind1=" " ind2=" " tag="040"><subfield code="a">KSH</subfield><subfield code="b">eng</subfield><subfield code="c">KSH</subfield><subfield code="d">NPT</subfield><subfield code="d">OCL</subfield><subfield code="d">OCLCQ</subfield></datafield><datafield ind1=" " ind2=" " tag="042"><subfield code="a">msc</subfield></datafield><datafield ind1="0" ind2="4" tag="245"><subfield code="a">The Verdigris Valley times.</subfield></datafield><datafield ind1=" " ind2=" " tag="260"><subfield code="a">Thayer, Kan. :</subfield><subfield code="b">Bud and Nancy Hoffman,</subfield><subfield code="c">1975-1976.</subfield></datafield><datafield ind1=" " ind2=" " tag="300"><subfield code="a">1 v. :</subfield><subfield code="b">ill. ;</subfield><subfield code="c">39 cm.</subfield></datafield><datafield ind1=" " ind2=" " tag="310"><subfield code="a">Weekly</subfield></datafield><datafield ind1="0" ind2=" " tag="362"><subfield code="a">Dec. 17, 1975-v. 1, no. 34 (Aug. 25, 1976).</subfield></datafield><datafield ind1=" " ind2=" " tag="500"><subfield code="a">&lt;Dec. 17, 1975&gt; issue called "Promotional edition."</subfield></datafield><datafield ind1=" " ind2=" " tag="752"><subfield code="a">United States</subfield><subfield code="b">Kansas</subfield><subfield code="c">Neosho</subfield><subfield code="d">Thayer.</subfield></datafield></record>